% This file was created with Citavi 6.12.0.113

@misc{DINEN600761.2002,
 year = {2002},
 title = {Leistungstransformatoren: Teil 10: Bestimmung der Ger{\"a}uschpegel},
 urldate = {2002},
 number = {60076-10},
 author = {{DIN EN 60076-1}}
}


@misc{J.Ranneberg.22.04.2014,
 author = {{J. Ranneberg}},
 date = {22.04.2014},
 title = {Skript B6},
 address = {Moodle},
 series = {Vorlesung Leistungselektronik},
 institution = {{HTW Berlin}}
}


@misc{Prof.Dr.AndreasZeiser.April2021,
 author = {{Prof. Dr. Andreas Zeiser}},
 date = {April 2021},
 title = {Angewandte Mathematik: Projekt Zeitaufgel{\"o}ste Photolumineszenz},
 address = {Moodle},
 edition = {Version 6.},
 institution = {{HTW Berlin}},
 file = {TRPL_Projekt_AM_Zeiser:Attachments/TRPL_Projekt_AM_Zeiser.pdf:application/pdf}
}


@misc{DeutschesInstitutfurNormungene.V..200802,
 year = {2008-02},
 title = {Bahnanwendungen: Speisespannungen von Bahnnetzen},
 number = {EN 50163/A1},
 author = {{Deutsches Institut f{\"u}r Normungen e.V.}}
}


@misc{DINEN613781.,
 title = {Stromrichtertransformatoren: Teil 1: Transformatoren f{\"u}r industrielle Anwendungen},
 number = {61378-1},
 author = {{DIN EN 61378-1}}
}


@misc{.,
}


@misc{J.Ranneberg.01.10.2021,
 author = {{J. Ranneberg}},
 date = {01.10.2021},
 title = {Simulations{\"u}bung Leistungselektronik (M8 PC{\"U}): F{\"u}r Studenten des Masterstudienganges Elektrotechnik an der HTW},
 address = {Moodle},
 institution = {{HTW Berlin}}
}


@misc{Prof.Dr.N.Klaes.WiSe202122,
 author = {{Prof. Dr. N. Klaes}},
 date = {WiSe 2021/22},
 title = {Geregelte Antriebe Vorlesungsunterlagen: Hochdynamische Regelung der Asynchronmaschine},
 address = {Moodle},
 institution = {HTW-Berlin},
 file = {GA_Regelverfahren_ASM_WiSe21:Attachments/GA_Regelverfahren_ASM_WiSe21.pdf:application/pdf}
}


@misc{DINEN600711.2010,
 year = {2010},
 title = {Isolationskoordination: Teil 1: Begriffe, Grunds{\"a}tze und Anforderungen},
 number = {60071-1},
 author = {{DIN EN 60071-1}}
}


@misc{DINEN600763VDE0532763:201903.,
 title = {Leistungstransformatoren: Teil 3: Isolationspegel, Spannungspr{\"u}fungen und {\"a}u{\ss}ere Abst{\"a}nde in Luft},
 edition = {2019-03},
 number = {60076-3},
 author = {{DIN EN 60076-3 VDE 0532-76-3:2019-03}}
}


@misc{Prof.Dr.N.Klaes.2021,
 year = {2021},
 title = {Simulationsdateien Laborprojekt, Matlab2016a},
 institution = {{HTW Berlin}}
}


@book{Atkinson.2004,
 author = {Atkinson, Kendall E. and Han, Weimin},
 year = {2004},
 title = {Elementary numerical analysis},
 url = {http://worldcatlibraries.org/wcpa/oclc/52418321},
 price = {{\pounds}66.50},
 keywords = {Numerical analysis},
 address = {Chichester},
 edition = {3rd ed. /   Kendall Atkinson, Weimin Han},
 publisher = {Wiley},
 isbn = {9780471433378}
}


@misc{DINEN600764.2003,
 year = {2003},
 title = {Leistungstransformatoren: Teil 4: Leitfaden zur Blitz- und Schaltsto{\ss}spannungspr{\"u}fung von Leistungstransformatoren und Drosselspulen},
 number = {60076-4},
 author = {{DIN EN 60076-4}}
}


@misc{DINEN600761.,
 title = {Leistungstransformatoren: Teil 1: Allgemeines},
 number = {60076-1},
 author = {{DIN EN 60076-1}}
}


