@book{Knappen2009,
	author = {Knappen, Joerg},
	year = {2009},
	title = {Schnell ans Ziel mit LATEX 2e - },
	edition = {ueberarbeitete und erweiterte Auflage},
	isbn = {978-3-486-59015-9},
	publisher = {Oldenbourg Verlag},
	address = {Muenchen},
	keywords = {book}
}

@online{PEXELS2015,
	author  = {PEXELS},
	title   = {Black and white branches tree},
	urlseen = {2015-10-06},
	url     = {https://www.pexels.com/photo/black-and-white-branches-tree-high-279/},
	keywords = {image}
}

@online{Google2015,
	author = {Google},
	title  = {Google},
	urldate = {2015-10-06},
	url    = {http://www.google.de},
	keywords = {online}
}
@misc{DeutschesInstitutfurNormungene.V..200802,
 year = {2008-02},
 title = {Bahnanwendungen: Speisespannungen von Bahnnetzen},
 number = {EN 50163/A1},
 author = {{Deutsches Institut f{\"u}r Normungen e.V.}}
}

@misc{DINEN6007610.10:2001,
 year = {10:2001},
 title = {Leistungstransformatoren: Teil 10: Bestimmung der Ger{\"a}uschpegel},
 author = {{DIN EN 60076-10}}
}

@misc{DINEN600763VDE0532763:201903.,
 title = {Leistungstransformatoren: Teil 3: Isolationspegel, Spannungspr{\"u}fungen und {\"a}u{\ss}ere Abst{\"a}nde in Luft},
 edition = {2019-03},
 number = {60076-3},
 author = {{DIN EN 60076-3 VDE 0532-76-3:2019-03}}
}
% This file was created with Citavi 6.10.0.0

@book{Atkinson.2004,
	author = {Atkinson, Kendall E. and Han, Weimin},
	year = {2004},
	title = {Elementary numerical analysis},
	url = {http://worldcatlibraries.org/wcpa/oclc/52418321},
	price = {{\pounds}66.50},
	keywords = {Numerical analysis},
	address = {Chichester},
	edition = {3rd ed. /   Kendall Atkinson, Weimin Han},
	publisher = {Wiley},
	isbn = {9780471433378}
}


@misc{Prof.Dr.AndreasZeiser.April2021,
	author = {{Prof. Dr. Andreas Zeiser}},
	date = {April 2021},
	title = {Angewandte Mathematik: Projekt Zeitaufgel{\"o}ste Photolumineszenz},
	address = {Moodle},
	edition = {Version 6.},
	institution = {{HTW Berlin}},
	file = {TRPL{\_}Projekt{\_}AM{\_}Zeiser:Attachments/TRPL{\_}Projekt{\_}AM{\_}Zeiser.pdf:application/pdf}
}


